<record><leader>00000cas a2200000 a 4500</leader><controlfield tag="001">34178457</controlfield><controlfield tag="008">960213d19261927fluwr ne      0    0eng c</controlfield><datafield ind1=" " ind2=" " tag="010"><subfield code="a">sn 96027133 </subfield></datafield><datafield ind1=" " ind2=" " tag="040"><subfield code="a">FUG</subfield><subfield code="b">eng</subfield><subfield code="c">FUG</subfield><subfield code="d">OCLCQ</subfield><subfield code="d">OCLCF</subfield><subfield code="d">OCLCO</subfield></datafield><datafield ind1=" " ind2=" " tag="012"><subfield code="i">9602</subfield></datafield><datafield ind1="1" ind2=" " tag="029"><subfield code="a">AU@</subfield><subfield code="b">000025919119</subfield></datafield><datafield ind1=" " ind2=" " tag="042"><subfield code="a">pcc</subfield></datafield><datafield ind1=" " ind2=" " tag="043"><subfield code="a">n-us-fl</subfield></datafield><datafield ind1="0" ind2="0" tag="245"><subfield code="a">Vero Beach journal.</subfield></datafield><datafield ind1=" " ind2=" " tag="260"><subfield code="a">Vero Beach, Fla. :</subfield><subfield code="b">[s.n.],</subfield><subfield code="c">1926-1927.</subfield></datafield><datafield ind1=" " ind2=" " tag="300"><subfield code="a">2 v.</subfield></datafield><datafield ind1=" " ind2=" " tag="310"><subfield code="a">Weekly (published on Friday),</subfield><subfield code="b">Jan. 28-Apr. 29,1927</subfield></datafield><datafield ind1=" " ind2=" " tag="321"><subfield code="a">Triweekly,</subfield><subfield code="b">Feb. 21, 1926-Jan. 21, 1927</subfield></datafield><datafield ind1="0" ind2=" " tag="362"><subfield code="a">Vol. 1, no. 1 (Feb. 21, 1926)- v. 2, no. 19 (Apr. 29, 1927).</subfield></datafield><datafield ind1=" " ind2=" " tag="500"><subfield code="a">"The people's paper."</subfield></datafield><datafield ind1=" " ind2=" " tag="500"><subfield code="a">J.F. Schumann, editor.</subfield></datafield><datafield ind1=" " ind2="0" tag="651"><subfield code="a">Vero Beach (Fla.)</subfield><subfield code="v">Newspapers.</subfield></datafield><datafield ind1=" " ind2="0" tag="651"><subfield code="a">Indian River County (Fla.)</subfield><subfield code="v">Newspapers.</subfield></datafield><datafield ind1=" " ind2="7" tag="655"><subfield code="a">Newspapers.</subfield><subfield code="2">fast</subfield><subfield code="0">(OCoLC)fst01423814</subfield></datafield><datafield ind1=" " ind2="7" tag="651"><subfield code="a">Florida</subfield><subfield code="z">Indian River County.</subfield><subfield code="2">fast</subfield><subfield code="0">(OCoLC)fst01213554</subfield></datafield><datafield ind1=" " ind2="7" tag="651"><subfield code="a">Florida</subfield><subfield code="z">Vero Beach.</subfield><subfield code="2">fast</subfield><subfield code="0">(OCoLC)fst01213563</subfield></datafield><datafield ind1=" " ind2=" " tag="752"><subfield code="a">United States</subfield><subfield code="b">Florida</subfield><subfield code="c">Indian River</subfield><subfield code="d">Vero Beach.</subfield></datafield><datafield ind1="0" ind2="7" tag="785"><subfield code="t">Vero Beach press</subfield><subfield code="w">(DLC)sn 96027132</subfield><subfield code="w">(OCoLC)34178455</subfield></datafield><datafield ind1="0" ind2="7" tag="785"><subfield code="t">Vero Beach press journal</subfield><subfield code="w">(DLC)sn 96027134</subfield><subfield code="w">(OCoLC)1510574</subfield></datafield><datafield ind1=" " ind2=" " tag="850"><subfield code="a">FU</subfield></datafield></record>